@book{DBLP:books/aw/RN2020,
  author       = {Stuart Russell and
                  Peter Norvig},
  title        = {Artificial Intelligence: {A} Modern Approach (4th Edition)},
  publisher    = {Pearson},
  year         = {2020},
  url          = {http://aima.cs.berkeley.edu/},
  isbn         = {9780134610993},
  timestamp    = {Wed, 20 Apr 2022 13:29:51 +0200},
  biburl       = {https://dblp.org/rec/books/aw/RN2020.bib},
  bibsource    = {dblp computer science bibliography, https://dblp.org}
}

@inproceedings{DBLP:conf/kr/RandellCC92,
  author       = {David A. Randell and
                  Zhan Cui and
                  Anthony G. Cohn},
  editor       = {Bernhard Nebel and
                  Charles Rich and
                  William R. Swartout},
  title        = {A Spatial Logic based on Regions and Connection},
  booktitle    = {Proceedings of the 3rd International Conference on Principles of Knowledge
                  Representation and Reasoning (KR'92). Cambridge, MA, USA, October
                  25-29, 1992},
  pages        = {165--176},
  publisher    = {Morgan Kaufmann},
  year         = {1992},
  timestamp    = {Tue, 20 Jun 2023 09:03:42 +0200},
  biburl       = {https://dblp.org/rec/conf/kr/RandellCC92.bib},
  bibsource    = {dblp computer science bibliography, https://dblp.org}
}

@misc{godot,
  title = {Godot Engine},
  howpublished = {\url{https://godotengine.org/}},
  note = {Accessed: \today}
}

@misc{unity,
  title = {Unity Real-Time Development Platform},
  howpublished = {\url{https://unity.com/}},
  note = {Accessed: \today}
}

@misc{unreal,
  title = {Unreal Engine},
  howpublished = {\url{https://www.unrealengine.com/}},
  note = {Accessed: \today}
}

@misc{jacamo,
  title = {JaCaMo},
  howpublished = {\url{https://jacamo-lang.github.io/}},
  note = {Accessed: \today}
}

@article{Karur2021ASO,
  title={A Survey of Path Planning Algorithms for Mobile Robots},
  author={Karthik Karur and Nitin Sharma and Chinmay Dharmatti and Joshua E. Siegel},
  journal={Vehicles},
  year={2021},
  url={https://api.semanticscholar.org/CorpusID:238813438}
}

@inproceedings{cilc,
  title={Geometric and Spatial Reasoning in BDI Agents: a Survey},
  author={Angelo Ferrando, Andrea Gatti and Viviana Mascardi},
  booktitle={CEUR Workshop Proceedings},
  year={2024}
}